<record><leader>00000cas a22000007a 4500</leader><controlfield tag="001">15152089</controlfield><controlfield tag="008">870204d18761890msuwr ne      0    0eng d</controlfield><datafield ind1=" " ind2=" " tag="010"><subfield code="a">sn 87090151 </subfield></datafield><datafield ind1=" " ind2=" " tag="040"><subfield code="a">PPM</subfield><subfield code="b">eng</subfield><subfield code="c">PPM</subfield><subfield code="d">MSJ</subfield><subfield code="d">DLC</subfield><subfield code="d">OCLCQ</subfield></datafield><datafield ind1=" " ind2=" " tag="042"><subfield code="a">msc</subfield></datafield><datafield ind1="0" ind2=" " tag="130"><subfield code="a">Southern reveille (Port Gibson, Miss. : 1876)</subfield></datafield><datafield ind1="1" ind2="4" tag="245"><subfield code="a">The Southern reveille.</subfield></datafield><datafield ind1=" " ind2=" " tag="260"><subfield code="a">Port Gibson, Miss. :</subfield><subfield code="b">J.S. Mason,</subfield><subfield code="c">1876-1890.</subfield></datafield><datafield ind1=" " ind2=" " tag="300"><subfield code="a">v.</subfield></datafield><datafield ind1=" " ind2=" " tag="310"><subfield code="a">Weekly</subfield></datafield><datafield ind1="0" ind2=" " tag="362"><subfield code="a">Vol. 1, no. 1 (Feb. 12, 1876)-v. 15, no. 9 (May 30, 1890).</subfield></datafield><datafield ind1=" " ind2=" " tag="752"><subfield code="a">United States</subfield><subfield code="b">Mississippi</subfield><subfield code="c">Claiborne</subfield><subfield code="d">Port Gibson.</subfield></datafield><datafield ind1="0" ind2="0" tag="785"><subfield code="t">Port Gibson reveille (Port Gibson, Miss.: 1890)</subfield><subfield code="w">(OCoLC)14874994</subfield></datafield></record>